<record><leader>00000cas a22000007a 4500</leader><controlfield tag="001">26915814</controlfield><controlfield tag="008">921105c19919999moudn ne      0   a0eng c</controlfield><controlfield tag="009">467</controlfield><datafield ind1=" " ind2=" " tag="010"><subfield code="a">sn 92006243 </subfield></datafield><datafield ind1=" " ind2=" " tag="040"><subfield code="a">NSD</subfield><subfield code="b">eng</subfield><subfield code="c">NSD</subfield><subfield code="d">MQN</subfield><subfield code="d">OCLCQ</subfield></datafield><datafield ind1=" " ind2=" " tag="012"><subfield code="m">1</subfield></datafield><datafield ind1="1" ind2=" " tag="022"><subfield code="a">1066-2995</subfield><subfield code="l">1066-2995</subfield><subfield code="2">1</subfield></datafield><datafield ind1="1" ind2=" " tag="029"><subfield code="a">AU@</subfield><subfield code="b">000020718706</subfield></datafield><datafield ind1=" " ind2=" " tag="032"><subfield code="a">668540</subfield><subfield code="b">USPS</subfield></datafield><datafield ind1=" " ind2=" " tag="037"><subfield code="b">St. Louis Watchman Advocate, 200 S. Bemiston, Ste. 201, Clayton, MO 63105-1915</subfield></datafield><datafield ind1=" " ind2=" " tag="042"><subfield code="a">nsdp</subfield><subfield code="a">pcc</subfield></datafield><datafield ind1=" " ind2="0" tag="222"><subfield code="a">St. Louis watchman advocate</subfield></datafield><datafield ind1="0" ind2="0" tag="245"><subfield code="a">St. Louis watchman advocate.</subfield></datafield><datafield ind1=" " ind2=" " tag="260"><subfield code="a">Clayton, Mo. :</subfield><subfield code="b">St. Louis County Printing and Pub. Group/Watchman News Group</subfield></datafield><datafield ind1=" " ind2=" " tag="300"><subfield code="a">v.</subfield></datafield><datafield ind1=" " ind2=" " tag="310"><subfield code="a">Daily (except Sat., Sun. and federal holidays)</subfield></datafield><datafield ind1="0" ind2=" " tag="362"><subfield code="a">Vol. 110, no. 1 (Oct. 1, 1991)-</subfield></datafield><datafield ind1=" " ind2="4" tag="651"><subfield code="a">Saint Louis County (Mo.)</subfield><subfield code="v">Newspapers.</subfield></datafield><datafield ind1=" " ind2=" " tag="752"><subfield code="a">United States</subfield><subfield code="b">Missouri</subfield><subfield code="c">Saint Louis</subfield><subfield code="d">Clayton.</subfield></datafield><datafield ind1="0" ind2="0" tag="780"><subfield code="t">Watchman-advocate</subfield><subfield code="w">(DLC)sn 89066829</subfield><subfield code="w">(OCoLC)20109745</subfield></datafield></record>